@article{glashow1961,
    title = "Partial-symmetries of weak interactions",
    journal = "Nuclear Physics",
    volume = "22",
    number = "4",
    pages = "579 - 588",
    year = "1961",
    issn = "0029-5582",
    doi = {10.1016/0029-5582(61)90469-2},
    url = {http://www.sciencedirect.com/science/article/pii/0029558261904692},
    author = "Sheldon L. Glashow",
    eprint = {http://dx.doi.org/10.1016/0029-5582(61)90469-2},
}

@article{weinberg1967,
    title = {A Model of Leptons},
    author = {Weinberg, Steven},
    journal = {Phys. Rev. Lett.},
    volume = {19},
    issue = {21},
    pages = {1264--1266},
    numpages = {0},
    year = 1967,
    month = nov,
    publisher = {American Physical Society},
    doi = {10.1103/PhysRevLett.19.1264},
    eprint = {http://dx.doi.org/10.1103/PhysRevLett.19.1264},
    url = {http://link.aps.org/doi/10.1103/PhysRevLett.19.1264}
}

@inproceedings{salam1968,
    title = {Elementary Particle Physics: Relativistic Groups and Analyticity},
    author = {Salam, A},
    booktitle = {Proceedings to the Eighth Nobel Symposium, Almquvist and Wiksell},
    year = {1968},
    month = may,
    doi = {10.1126/science.168.3936.1196-a},
    eprint = {http://dx.doi.org/10.1126/science.168.3936.1196-a},
    pages = 367,
}

@article{higgs1964,
    title = {Broken Symmetries and the Masses of Gauge Bosons},
    author = {Higgs, Peter W.},
    journal = {Phys. Rev. Lett.},
    volume = {13},
    issue = {16},
    pages = {508--509},
    numpages = {0},
    year = {1964},
    month = oct,
    publisher = {American Physical Society},
    doi = {10.1103/PhysRevLett.13.508},
    eprint = {http://dx.doi.org/10.1103/PhysRevLett.13.508},
    url = {http://link.aps.org/doi/10.1103/PhysRevLett.13.508}
}

@misc{LightHistory
author = { "J J O'Connor and E F Robertson"}
title = { Light through the ages: Ancient Greece to Maxwell}
url = {http://www-groups.dcs.st-and.ac.uk/history/HistTopics/Light_1.html}
originalyear = {01.08.2002}
}


@article{rutherford1911,
    doi = {10.1080/14786440508637080},
    eprint = {http://dx.doi.org/10.1080/14786440508637080},
    url = {http://dx.doi.org/10.1080/14786440508637080},
    year = 1911,
    month = may,
    publisher = {Informa {UK} Limited},
    volume = {21},
    number = {125},
    pages = {669--688},
    author = {E. Rutherford},
    title = { {LXXIX. The} scattering of $\alpha$ and $\beta$ particles by matter and the structure of the atom },
    journal = {Philosophical Magazine Series 6},
}



PDFExample@article{Aaboud:2017svj,
      author         = "Aaboud, Morad and others",
      title          = "{Measurement of the $W$-boson mass in pp collisions at
                        $\sqrt{s}=7$ TeV with the ATLAS detector}",
      collaboration  = "ATLAS",
      year           = "2017",
      eprint         = "1701.07240",
      archivePrefix  = "arXiv",
      primaryClass   = "hep-ex",
      reportNumber   = "CERN-EP-2016-305",
      SLACcitation   = "%%CITATION = ARXIV:1701.07240;%%"
}


@book{LHC_DesignReport,
      author        = "Brüning, Oliver Sim and Collier, Paul and Lebrun, P and
                       Myers, Stephen and Ostojic, Ranko and Poole, John and
                       Proudlock, Paul",
      title         = "{LHC Design Report}",
      publisher     = "CERN",
      address       = "Geneva",
      series        = "CERN Yellow Reports: Monographs",
      year          = "2004",
      url           = "http://cds.cern.ch/record/782076",
}

@article {ANDP:ANDP19013090310,
author = {Planck, Max},
title = {Ueber das Gesetz der Energieverteilung im Normalspectrum},
journal = {Annalen der Physik},
volume = {309},
number = {3},
publisher = {WILEY-VCH Verlag},
issn = {1521-3889},
url = {http://dx.doi.org/10.1002/andp.19013090310},
doi = {10.1002/andp.19013090310},
pages = {553--563},
year = {1901},
}



@book{TrackerTDR,
      author        = "Karimäki, V and Mannelli, M and Siegrist, P and Breuker,
                       H and Caner, A and Castaldi, R and Freudenreich, K and
                       Hall, G and Horisberger, R and Huhtinen, M and Cattai, A",
      title         = "{The CMS tracker system project: Technical Design Report}",
      publisher     = "CERN",
      collaboration = "CMS Collaboration",
      address       = "Geneva",
      series        = "Technical Design Report CMS",
      year          = "1997",
      url           = "https://cds.cern.ch/record/368412",
}


@book{TrackerTDRADD,
      title         = "{The CMS tracker: addendum to the Technical Design
                       Report}",
      publisher     = "CERN",
      collaboration = "CMS Collaboration",
      address       = "Geneva",
      series        = "Technical Design Report CMS",
      year          = "2000",
      url           = "http://cds.cern.ch/record/490194",
}

@article{PDFExample,
      author         = "Martin, A. D. and Stirling, W. J. and Thorne, R. S. and
                        Watt, G.",
      title          = "{Parton distributions for the LHC}",
      journal        = "Eur. Phys. J.",
      volume         = "C63",
      year           = "2009",
      pages          = "189-285",
      doi            = "10.1140/epjc/s10052-009-1072-5",
      eprint         = "0901.0002",
      archivePrefix  = "arXiv",
      primaryClass   = "hep-ph",
      reportNumber   = "IPPP-08-95, DCPT-08-190, CAVENDISH-HEP-08-16",
      SLACcitation   = "%%CITATION = ARXIV:0901.0002;%%"
}

@techreport{cms_an_2013-253,
    institution = "CERN",
    author = {CMS Collaboration},
    title = "Measurements of the new {Higgs}-like boson at 125 {GeV} in the two photon decay channel",
    type = "CMS Note",
    number = "2013/253",
    url = {http://cms.cern.ch/iCMS/jsp/db_notes/noteInfo.jsp?cmsnoteid=CMS%20AN-2013/253},
    year = 2013,
}

@phdthesis{oreglia_1980,
    author = "Oreglia, M.",
    year = {1980},
    title = {A Study of the Reactions $\psi^\prime \to \gamma \gamma \psi$},
    school = {{Stanford University}},
    pages = {226},
    reportNumber = "SLAC-0236, UMI-81-08973, SLAC-R-0236, SLAC-R-236",
    SLACcitation = "%%CITATION = SLAC-0236 ETC.;%%",
    language = {English},
    month = dec,
    eprint = {http://www.slac.stanford.edu/cgi-wrap/getdoc/slac-r-236.pdf},
    url = {http://www.slac.stanford.edu/cgi-wrap/getdoc/slac-r-236.pdf},
}


@techreport{TrackerFigure,
      author        = "Sguazzoni, Giacomo",
      title         = "{CMS Inner Tracker Detector Modules}",
      institution   = "CERN",
      collaboration = "TIB/TID Consortium",
      address       = "Geneva",
      number        = "CMS-CR-2004-059",
      month         = "Nov",
      year          = "2004",
      reportNumber  = "CMS-CR-2004-059",
      url           = "https://cds.cern.ch/record/803522",
}


@article{CMSHiggsPaper,
      author         = "Chatrchyan, Serguei and others",
      title          = "{Observation of a new boson at a mass of 125 GeV with the
                        CMS experiment at the LHC}",
      collaboration  = "CMS",
      journal        = "Phys. Lett.",
      volume         = "B716",
      year           = "2012",
      pages          = "30-61",
      doi            = "10.1016/j.physletb.2012.08.021",
      eprint         = "1207.7235",
      archivePrefix  = "arXiv",
      primaryClass   = "hep-ex",
      reportNumber   = "CMS-HIG-12-028, CERN-PH-EP-2012-220",
      SLACcitation   = "%%CITATION = ARXIV:1207.7235;%%"
}

@article{ZBosonDiscovery,
      author         = "Bagnaia, P. and others",
      title          = "{Evidence for Z0 ---> e+ e- at the CERN anti-p p
                        Collider}",
      collaboration  = "UA2",
      journal        = "Phys. Lett.",
      volume         = "B129",
      year           = "1983",
      pages          = "130-140",
      doi            = "10.1016/0370-2693(83)90744-X",
      note           = "[,7.69(1983)]",
      reportNumber   = "CERN-EP-83-112",
      SLACcitation   = "%%CITATION = PHLTA,B129,130;%%"
}

@article{Wdiscovery,
      author         = "Banner, M. and others",
      title          = "{Observation of Single Isolated Electrons of High
                        Transverse Momentum in Events with Missing Transverse
                        Energy at the CERN anti-p p Collider}",
      collaboration  = "UA2",
      journal        = "Phys. Lett.",
      volume         = "B122",
      year           = "1983",
      pages          = "476-485",
      doi            = "10.1016/0370-2693(83)91605-2",
      note           = "[,7.45(1983)]",
      reportNumber   = "CERN-EP-83-25",
      SLACcitation   = "%%CITATION = PHLTA,B122,476;%%"
}

@article{WdiscoveryCont,
      author         = "Arnison, G. and others",
      title          = "{Experimental Observation of Isolated Large Transverse
                        Energy Electrons with Associated Missing Energy at
                        s**(1/2) = 540-GeV}",
      booktitle      = "{30 years of weak neutral currents}",
      collaboration  = "UA1",
      journal        = "Phys. Lett.",
      volume         = "B122",
      year           = "1983",
      pages          = "103-116",
      doi            = "10.1016/0370-2693(83)91177-2",
      note           = "[,611(1983)]",
      reportNumber   = "CERN-EP-83-13",
      SLACcitation   = "%%CITATION = PHLTA,B122,103;%%"
}

@article{TopDiscovery,
      author         = "Campagnari, Claudio and Franklin, Melissa",
      title          = "{The Discovery of the top quark}",
      journal        = "Rev. Mod. Phys.",
      volume         = "69",
      year           = "1997",
      pages          = "137-212",
      doi            = "10.1103/RevModPhys.69.137",
      eprint         = "hep-ex/9608003",
      archivePrefix  = "arXiv",
      primaryClass   = "hep-ex",
      reportNumber   = "UCSB-HEP-96-01, HUTP-96-A023",
      SLACcitation   = "%%CITATION = HEP-EX/9608003;%%"
}

@inproceedings{TauHistory,
      author         = "Perl, Martin L.",
      title          = "{The Discovery of the tau lepton}",
      booktitle      = "{The Rise of the standard model: Particle physics in the
                        1960s and 1970s. Proceedings, Conference, Stanford, USA,
                        June 24-27, 1992}",
      url            = "http://www-public.slac.stanford.edu/sciDoc/docMeta.aspx?slacPubNumber=SLAC-PUB-5937",
      year           = "1992",
      pages          = "79-100",
      reportNumber   = "SLAC-PUB-5937",
      SLACcitation   = "%%CITATION = SLAC-PUB-5937;%%"
}



@article{PhiStarSource,
      author         = "Banfi, A. and Redford, S. and Vesterinen, M. and Waller,
                        P. and Wyatt, T. R.",
      title          = "{Optimisation of variables for studying dilepton
                        transverse momentum distributions at hadron colliders}",
      journal        = "Eur. Phys. J.",
      volume         = "C71",
      year           = "2011",
      pages          = "1600",
      doi            = "10.1140/epjc/s10052-011-1600-y",
      eprint         = "1009.1580",
      archivePrefix  = "arXiv",
      primaryClass   = "hep-ex",
      reportNumber   = "MAN-HEP-2010-12",
      SLACcitation   = "%%CITATION = ARXIV:1009.1580;%%"
}
@article{PhistarAn1,
      author         = "Abazov, Victor Mukhamedovich and others",
      title          = "{Precise study of the $Z/\gamma^*$ boson transverse
                        momentum distribution in $p\bar{p}$ collisions using a
                        novel technique}",
      collaboration  = "D0",
      journal        = "Phys. Rev. Lett.",
      volume         = "106",
      year           = "2011",
      pages          = "122001",
      doi            = "10.1103/PhysRevLett.106.122001",
      eprint         = "1010.0262",
      archivePrefix  = "arXiv",
      primaryClass   = "hep-ex",
      reportNumber   = "FERMILAB-PUB-10-403-E",
      SLACcitation   = "%%CITATION = ARXIV:1010.0262;%%"
}

@article{PhistarAn2,
      author         = "Abazov, Victor Mukhamedovich and others",
      title          = "{Measurement of the $\phi^*_\eta$ distribution of muon
                        pairs with masses between 30 and 500 GeV in 10.4 fb$^{-1}$
                        of $p\bar{p}$ collisions}",
      collaboration  = "D0",
      journal        = "Phys. Rev.",
      volume         = "D91",
      year           = "2015",
      number         = "7",
      pages          = "072002",
      doi            = "10.1103/PhysRevD.91.072002",
      eprint         = "1410.8052",
      archivePrefix  = "arXiv",
      primaryClass   = "hep-ex",
      reportNumber   = "FERMILAB-PUB-14-430-E",
      SLACcitation   = "%%CITATION = ARXIV:1410.8052;%%"
}


@article{PhistarAnMINE,
      author         = "Sirunyan, Albert M and others",
      title          = "{Measurement of differential cross sections in the
                        kinematic angular variable $\phi^*$ for inclusive Z boson
                        production in pp collisions at $\sqrt{s}=$ 8 TeV}",
      collaboration  = "CMS",
      journal        = "JHEP",
      volume         = "03",
      year           = "2018",
      pages          = "172",
      doi            = "10.1007/JHEP03(2018)172",
      eprint         = "1710.07955",
      archivePrefix  = "arXiv",
      primaryClass   = "hep-ex",
      reportNumber   = "CMS-SMP-17-002, CERN-EP-2017-234",
      SLACcitation   = "%%CITATION = ARXIV:1710.07955;%%"
}
@article{PhistarAnAtlas,
      author         = "Aad, Georges and others",
      title          = "{Measurement of angular correlations in Drell-Yan lepton
                        pairs to probe Z/gamma* boson transverse momentum at
                        sqrt(s)=7 TeV with the ATLAS detector}",
      collaboration  = "ATLAS",
      journal        = "Phys. Lett.",
      volume         = "B720",
      year           = "2013",
      pages          = "32-51",
      doi            = "10.1016/j.physletb.2013.01.054",
      eprint         = "1211.6899",
      archivePrefix  = "arXiv",
      primaryClass   = "hep-ex",
      reportNumber   = "CERN-PH-EP-2012-325",
      SLACcitation   = "%%CITATION = ARXIV:1211.6899;%%"
}

@article{GluonHist,
      author         = "Ellis, John",
      title          = "{The Discovery of the Gluon}",
      journal        = "Int. J. Mod. Phys.",
      volume         = "A29",
      year           = "2014",
      number         = "31",
      pages          = "1430072",
      doi            = "10.1142/9789814618113_0012, 10.1142/S0217751X14300725",
      note           = "[,189(2015)]",
      eprint         = "1409.4232",
      archivePrefix  = "arXiv",
      primaryClass   = "hep-ph",
      reportNumber   = "KCL-PH-TH-2014-36, LCTS-2014-35, CERN-PH-TH-2014-178",
      SLACcitation   = "%%CITATION = ARXIV:1409.4232;%%"
}

@article{DGLAP1,
      author         = "Gribov, V. N. and Lipatov, L. N.",
      title          = "{Deep inelastic e p scattering in perturbation theory}",
      journal        = "Sov. J. Nucl. Phys.",
      volume         = "15",
      year           = "1972",
      pages          = "438-450",
      note           = "[Yad. Fiz.15,781(1972)]",
      reportNumber   = "IPTI-381-71",
      SLACcitation   = "%%CITATION = SJNCA,15,438;%%"
}

@article{DGLAP2,
      author         = "Lipatov, L. N.",
      title          = "{The parton model and perturbation theory}",
      journal        = "Sov. J. Nucl. Phys.",
      volume         = "20",
      year           = "1975",
      pages          = "94-102",
      note           = "[Yad. Fiz.20,181(1974)]",
      SLACcitation   = "%%CITATION = SJNCA,20,94;%%"
}

@article{DGLAP3,
      author         = "Altarelli, Guido and Parisi, G.",
      title          = "{Asymptotic Freedom in Parton Language}",
      journal        = "Nucl. Phys.",
      volume         = "B126",
      year           = "1977",
      pages          = "298-318",
      doi            = "10.1016/0550-3213(77)90384-4",
      reportNumber   = "LPTENS-77-6",
      SLACcitation   = "%%CITATION = NUPHA,B126,298;%%"
}


@article{DGLAP4,
      author         = "Dokshitzer, Yuri L.",
      title          = "{Calculation of the Structure Functions for Deep
                        Inelastic Scattering and e+ e- Annihilation by
                        Perturbation Theory in Quantum Chromodynamics.}",
      journal        = "Sov. Phys. JETP",
      volume         = "46",
      year           = "1977",
      pages          = "641-653",
      note           = "[Zh. Eksp. Teor. Fiz.73,1216(1977)]",
      SLACcitation   = "%%CITATION = SPHJA,46,641;%%"
}

@unpublished{ICHEPWeakTalk,
title= {W and Z boson production at CMS at $\sqrt{s}=7$ TeV},
author = {María Cepeda},
year = {2010},
note= {ICHEP},
URL= {https://pos.sissa.it/120/009/pdf},
}

@Article{LEP-2,
author = "{The ALEPH, DELPHI, L3, OPAL Collaborations, the LEP Electroweak Working Group}",
title = "{Electroweak Measurements in Electron-Positron Collisions at W-Boson-Pair Energies at LEP}",
journal = "Phys. Rept.",
volume = "532",
year = "2013",
pages = "119",
eprint = "1302.3415",
archivePrefix = "arXiv",
primaryClass = "hep-ex",
reportNumber = "CERN-PH-EP-2013-022",
SLACcitation = "%%CITATION = ARXIV:1302.3415;%%",
} 

@techreport{cms_an_2012-327,
    institution = "CERN",
    author = {Chen, Y. and DiMarco, E. and Spiropulu, M. and Xie, S. and Mangano , B. and Petrucciani, G. and Sharma , V. and Vartak, A.},
    title = "Electron Energy Reconstruction Using a Multivariate Regression",
    type = "CMS Note",
    number = "2012/327",
    url = {http://cms.cern.ch/iCMS/jsp/db_notes/showNoteDetails.jsp?noteID=CMS%20AN-2012/327},
    year = 2012,
}
% Twikis
@misc{Pileup_Reweighting_Twiki,
    author = {{CMS Collaboration}},
    title = "Pileup Reweighting Utilities",
    year = "2014",
    url = "https://twiki.cern.ch/twiki/bin/viewauth/CMS/PileupMCReweightingUtilities",
    note = "[Online; accessed 2015-01-30]"
}
@misc{GSF_Scale_Factors_Twiki,
    author = {{CMS Collaboration}},
    title = "E/gamma Commissioning and physics deliverables: Electron reconstruction efficiency with 2012 DATA",
    year = "2013",
    url = "https://twiki.cern.ch/twiki/bin/viewauth/CMS/EgCommissioningAndPhysicsDeliverables#Electron_reconstruction_effi_AN1",
    note = "[Online; accessed 2015-01-30]"
}


@misc{RooUnfold_adye_2011,
    Author = {Tim Adye},
    Title = {Unfolding algorithms and tests using {RooUnfold}},
    Year = 2011,
    eprint = {arXiv:1105.1160},
    Howpublished = {Proceedings of the {PHYSTAT} 2011 Workshop, {CERN, Geneva, Switzerland}, January 2011, CERN-2011-006, pp 313-318},
}

@article{Baysian_1995,
    author = "G. D'Agostini",
    title = "A multidimensional unfolding method based on {Bayes'} theorem",
    journal = "Nuclear Instruments and Methods in Physics Research Section A: Accelerators, Spectrometers, Detectors and Associated Equipment ",
    volume = "362",
    number = "2–3",
    pages = "487 - 498",
    year = 1995,
    issn = "0168-9002",
    doi = {10.1016/0168-9002(95)00274-X},
    eprint = {http://dx.doi.org/10.1016/0168-9002(95)00274-X},
    url = "http://www.sciencedirect.com/science/article/pii/016890029500274X",
}


%Powheg Simulation Begin
@article{Nason:2004rx,
	Archiveprefix = {arXiv},
	Author = {Nason, Paolo},
	Doi = {10.1088/1126-6708/2004/11/040},
	Eprint = {hep-ph/0409146},
	Journal = {JHEP},
	Pages = {040},
	Slaccitation = {%%CITATION = HEP-PH/0409146;%%},
	Title = {{A new method for combining NLO QCD with shower Monte Carlo algorithms}},
	Volume = {11},
	Year = {2004},
	Bdsk-Url-1 = {http://dx.doi.org/10.1088/1126-6708/2004/11/040},
}

@article{Alioli:2010xd,
      author         = "Alioli, Simone and Nason, Paolo and Oleari, Carlo and Re,
                        Emanuele",
      title          = "{A general framework for implementing NLO calculations in
                        shower Monte Carlo programs: the POWHEG BOX}",
      journal        = "JHEP",
      volume         = "06",
      pages          = "043",
      doi            = "10.1007/JHEP06(2010)043",
      year           = "2010",
      eprint         = "1002.2581",
      archivePrefix  = "arXiv",
      primaryClass   = "hep-ph",
      reportNumber   = "DESY-10-018, SFB-CPP-10-22, IPPP-10-11, DCPT-10-22",
      SLACcitation   = "%%CITATION = ARXIV:1002.2581;%%",
}

@article{Alioli:2010qp,
     author         = "Alioli, Simone and Nason, Paolo and Oleari, Carlo and Re,
                       Emanuele",
     title          = "{Vector boson plus one jet production in POWHEG}",
     journal        = "JHEP",
     volume         = "01",
     year           = "2011",
     pages          = "095",
     doi            = "10.1007/JHEP01(2011)095",
     eprint         = "1009.5594",
     archivePrefix  = "arXiv",
     primaryClass   = "hep-ph",
     reportNumber   = "DESY-10-158, SFB-CPP-10-85, IPPP-10-78, DCPT-10-156",
     SLACcitation   = "%%CITATION = ARXIV:1009.5594;%%"
}

@article{Frixione:2007vw,
	Archiveprefix = {arXiv},
	Author = {Frixione, Stefano and Nason, Paolo and Oleari, Carlo},
	Doi = {10.1088/1126-6708/2007/11/070},
	Eprint = {0709.2092},
	Journal = {JHEP},
	Pages = {070},
	Primaryclass = {hep-ph},
	Slaccitation = {%%CITATION = 0709.2092;%%},
	Title = {{Matching NLO QCD computations with parton shower simulations: the POWHEG method}},
	Volume = {11},
	Year = {2007},
	Bdsk-Url-1 = {http://dx.doi.org/10.1088/1126-6708/2007/11/070}
}

@article{Gao:2013xoa,
      author         = "Gao, Jun and Guzzi, Marco and Huston, Joey and Lai,
                        Hung-Liang and Li, Zhao and Nadolsky, Pavel and Pumplin, Jon and Stump, Daniel and Yuan, C.-P.",
      title          = "{CT10} next-to-next-to-leading order global analysis of {QCD}",
      journal        = "Phys. Rev. D",
      volume         = "89",
      pages          = "033009",
      doi            = "10.1103/PhysRevD.89.033009",
      year           = "2014",
      eprint         = "1302.6246",
      archivePrefix  = "arXiv",
      primaryClass   = "hep-ph",
      reportNumber   = "SMU-HEP-12-23",
      SLACcitation   = "%%CITATION = ARXIV:1302.6246;%%",
}
%Powheg Simulation End


%MadGraph Begin
@article{Alwall:2011uj,
      author         = "Alwall, Johan and Herquet, Michel and Maltoni, Fabio and
                        Mattelaer, Olivier and Stelzer, Tim",
      title          = "{MadGraph 5: going beyond}",
      journal        = "JHEP",
      volume         = "06",
      year           = "2011",
      pages          = "128",
      doi            = "10.1007/JHEP06(2011)128",
      eprint         = "1106.0522",
      archivePrefix  = "arXiv",
      primaryClass   = "hep-ph",
      reportNumber   = "FERMILAB-PUB-11-448-T",
      SLACcitation   = "%%CITATION = ARXIV:1106.0522;%%",
}

@article{Pumplin:2002vw,
      author         = "Pumplin, J. and Stump, D. R. and Huston, J. and Lai, H.
                        L. and Nadolsky, Pavel M. and Tung, W. K.",
      title          = "{New generation of parton distributions with
                        uncertainties from global QCD analysis}",
      journal        = "JHEP",
      volume         = "07",
      year           = "2002",
      pages          = "012",
      doi            = "10.1088/1126-6708/2002/07/012",
      eprint         = "hep-ph/0201195",
      archivePrefix  = "arXiv",
      primaryClass   = "hep-ph",
      reportNumber   = "MSU-HEP-011101",
      SLACcitation   = "%%CITATION = HEP-PH/0201195;%%"
}

@article{Sjostrand:2006za,
      author         = "Sj{\"o}strand, Torbj{\"o}rn and Mrenna, Stephen and Skands, Peter
                        Z.",
      title          = "{PYTHIA 6.4} Physics and Manual",
      journal        = "JHEP",
      volume         = "05",
      year           = "2006",
      pages          = "026",
      doi            = "10.1088/1126-6708/2006/05/026",
      eprint         = "hep-ph/0603175",
      archivePrefix  = "arXiv",
      primaryClass   = "hep-ph",
      reportNumber   = "FERMILAB-PUB-06-052-CD-T, LU-TP-06-13",
      SLACcitation   = "%%CITATION = HEP-PH/0603175;%%"
}

@article{Alwall:2007fs,
      author         = "Alwall, Johan and others",
      title          = "{Comparative study of various algorithms for the merging
                        of parton showers and matrix elements in hadronic
                        collisions}",
      journal        = "Eur. Phys. J. C",
      volume         = "53",
      year           = "2008",
      pages          = "473",
      doi            = "10.1140/epjc/s10052-007-0490-5",
      eprint         = "0706.2569",
      archivePrefix  = "arXiv",
      primaryClass   = "hep-ph",
      reportNumber   = "SLAC-PUB-12604, CERN-PH-TH-2007-066, LU-TP-07-13,
                        KA-TP-06-2007, DCPT-07-62, IPPP-07-31",
      SLACcitation   = "%%CITATION = ARXIV:0706.2569;%%"
}

@article{Chatrchyan:2013gfi,
      author         = "Chatrchyan, Serguei and others",
      title          = "{Study of the underlying event at forward rapidity in pp
                        collisions at $\sqrt{s}$ = 0.9, 2.76, and 7 TeV}",
      collaboration  = "CMS",
      journal        = "JHEP",
      volume         = "04",
      year           = "2013",
      pages          = "072",
      doi            = "10.1007/JHEP04(2013)072",
      eprint         = "1302.2394",
      archivePrefix  = "arXiv",
      primaryClass   = "hep-ex",
      reportNumber   = "CMS-FWD-11-003, CERN-PH-EP-2013-012",
      SLACcitation   = "%%CITATION = ARXIV:1302.2394;%%"
}

@article{Khachatryan:2015pea,
      author         = "Khachatryan, Vardan and others",
      title          = "{Event generator tunes obtained from underlying event and
                        multiparton scattering measurements}",
      collaboration  = "CMS",
      journal        = "Eur. Phys. J. C",
      volume         = "76",
      year           = "2016",
      pages          = "155",
      doi            = "10.1140/epjc/s10052-016-3988-x",
      eprint         = "1512.00815",
      archivePrefix  = "arXiv",
      primaryClass   = "hep-ex",
      reportNumber   = "CMS-GEN-14-001, CERN-PH-EP-2015-291",
      SLACcitation   = "%%CITATION = ARXIV:1512.00815;%%"
}
%MadGraph End

%pythia8 begin
@article{Sjostrand:2014zea,
      author         = "Sj{\"o}strand, Torbj{\"o}rn and Ask, Stefan and Christiansen,
                        Jesper R. and Corke, Richard and Desai, Nishita and Ilten, Philip and Mrenna, Stephen and Prestel, Stefan and
                        Rasmussen, Christine O. and Skands, Peter Z.",
      title          = "An introduction to {PYTHIA 8.2}",
      journal        = "Comput. Phys. Commun.",
      volume         = "191",
      year           = "2015",
      pages          = "159",
      doi            = "10.1016/j.cpc.2015.01.024",
      eprint         = "1410.3012",
      archivePrefix  = "arXiv",
      primaryClass   = "hep-ph",
      reportNumber   = "LU-TP-14-36, MCNET-14-22, CERN-PH-TH-2014-190,
                        FERMILAB-PUB-14-316-CD, DESY-14-178, SLAC-PUB-16122,
                        --FERMILAB-PUB-14-316-CD",
      SLACcitation   = "%%CITATION = ARXIV:1410.3012;%%"
}

@article{Ball:2010de,
      author         = "Ball, Richard D. and Del Debbio, Luigi and Forte, Stefano
                        and Guffanti, Alberto and Latorre, Jose I. and Rojo, Juan
                        and Ubiali, Maria",
      title          = "{A first unbiased global NLO determination of parton
                        distributions and their uncertainties}",
      journal        = "Nucl. Phys. B",
      volume         = "838",
      year           = "2010",
      pages          = "136",
      doi            = "10.1016/j.nuclphysb.2010.05.008",
      eprint         = "1002.4407",
      archivePrefix  = "arXiv",
      primaryClass   = "hep-ph",
      reportNumber   = "EDINBURGH-2010-05, IFUM-952-FT, FR-PHENO-2010-014,
                        CP3-10-08",
      SLACcitation   = "%%CITATION = ARXIV:1002.4407;%%"
}

@article{Ball:2011mu,
      author         = "Ball, Richard D. and Bertone, Valerio and Cerutti,
                        Francesco and Del Debbio, Luigi and Forte, Stefano and
                        Guffanti, Alberto and Latorre, Jose I. and Rojo, Juan and
                        Ubiali, Maria",
      title          = "{Impact of heavy quark masses on parton distributions and
                        LHC phenomenology}",
      journal        = "Nucl. Phys. B",
      volume         = "849",
      year           = "2011",
      pages          = "296",
      doi            = "10.1016/j.nuclphysb.2011.03.021",
      eprint         = "1101.1300",
      archivePrefix  = "arXiv",
      primaryClass   = "hep-ph",
      reportNumber   = "EDINBURGH-2011-01, IFUM-969-FT, FR-PHENO-2010-043,
                        RWTH-TTK-11-02",
      SLACcitation   = "%%CITATION = ARXIV:1101.1300;%%"
}
%pythia8 end

%aMCatNLO bedin
@article{Alwall:2014hca,
      author         = "Alwall, J. and Frederix, R. and Frixione, S. and Hirschi,
                        V. and Maltoni, F. and Mattelaer, O. and Shao, H. -S. and
                        Stelzer, T. and Torrielli, P. and Zaro, M.",
      title          = "{The automated computation of tree-level and
                        next-to-leading order differential cross sections, and
                        their matching to parton shower simulations}",
      journal        = "JHEP",
      volume         = "07",
      year           = "2014",
      pages          = "079",
      doi            = "10.1007/JHEP07(2014)079",
      eprint         = "1405.0301",
      archivePrefix  = "arXiv",
      primaryClass   = "hep-ph",
      reportNumber   = "CERN-PH-TH-2014-064, CP3-14-18, LPN14-066, MCNET-14-09,
                        ZU-TH-14-14",
      SLACcitation   = "%%CITATION = ARXIV:1405.0301;%%"
}
@article{Ball:2014uwa,
      author         = "Ball, Richard D. and others",
      title          = "{Parton distributions for the LHC Run II}",
      collaboration  = "NNPDF",
      journal        = "JHEP",
      volume         = "04",
      year           = "2015",
      pages          = "040",
      doi            = "10.1007/JHEP04(2015)040",
      eprint         = "1410.8849",
      archivePrefix  = "arXiv",
      primaryClass   = "hep-ph",
      reportNumber   = "EDINBURGH-2014-15, IFUM-1034-FT, CERN-PH-TH-2013-253,
                        OUTP-14-11P, CAVENDISH-HEP-14-11",
      SLACcitation   = "%%CITATION = ARXIV:1410.8849;%%"
}

@article{Frederix:2012ps,
      author         = "Frederix, Rikkert and Frixione, Stefano",
      title          = "{Merging meets matching in MC@NLO}",
      journal        = "JHEP",
      volume         = "12",
      year           = "2012",
      pages          = "061",
      doi            = "10.1007/JHEP12(2012)061",
      eprint         = "1209.6215",
      archivePrefix  = "arXiv",
      primaryClass   = "hep-ph",
      reportNumber   = "CERN-PH-TH-2012-247, ZU-TH-21-12",
      SLACcitation   = "%%CITATION = ARXIV:1209.6215;%%"
}

%aMCatNLO end

%ResBos Begin
@article{Ladinsky:1993zn,
      author         = "Ladinsky, G. A. and Yuan, C. P.",
      title          = "The nonperturbative regime in {QCD} resummation for gauge boson production at hadron colliders",
      journal        = "Phys. Rev. D",
      volume         = "50",
      pages          = "4239",
      doi            = "10.1103/PhysRevD.50.R4239",
      year           = "1994",
      eprint         = "hep-ph/9311341",
      archivePrefix  = "arXiv",
      primaryClass   = "hep-ph",
      reportNumber   = "MSUHEP-93-20, MSUTH-93-20",
      SLACcitation   = "%%CITATION = HEP-PH/9311341;%%",
}

@article{Balazs:1997xd,
      author         = "Balazs, C. and Yuan, C. P.",
      title          = "{Soft gluon effects on lepton pairs at hadron colliders}",
      journal        = "Phys. Rev. D",
      volume         = "56",
      year           = "1997",
      pages          = "5558",
      doi            = "10.1103/PhysRevD.56.5558",
      eprint         = "hep-ph/9704258",
      archivePrefix  = "arXiv",
      primaryClass   = "hep-ph",
      reportNumber   = "MSUHEP-70402, CTEQ-704",
      SLACcitation   = "%%CITATION = HEP-PH/9704258;%%"
}

@article{Landry:2002ix,
      author         = "Landry, F. and Brock, R. and Nadolsky, Pavel M. and Yuan,
                        C. P.",
      title          = "{Tevatron Run-1 $Z$ boson data and Collins-Soper-Sterman
                        resummation formalism}",
      journal        = "Phys. Rev. D",
      volume         = "67",
      year           = "2003",
      pages          = "073016",
      doi            = "10.1103/PhysRevD.67.073016",
      eprint         = "hep-ph/0212159",
      archivePrefix  = "arXiv",
      primaryClass   = "hep-ph",
      SLACcitation   = "%%CITATION = HEP-PH/0212159;%%"
}
%ResBos End
%A Hard photon calculations
@ARTICLE{HardPhotonCalc,
   author = {{Bonneau}, G. and {Martin}, F.},
    title = "{Hard-photon emission in e $^{+}$e $^{-}$ reactions}",
  journal = {Nuclear Physics B},
     year = 1971,
   volume = 27,
    pages = {381-397},
      doi = {10.1016/0550-3213(71)90102-7},
   adsurl = {http://adsabs.harvard.edu/abs/1971NuPhB..27..381B},
  adsnote = {Provided by the SAO/NASA Astrophysics Data System}
}

%Explains why we don't really care that much about the unfolding samples distribution
@article{dagostini_1995,
    author = "G. D'Agostini",
    title = "A multidimensional unfolding method based on {Bayes'} theorem",
    journal = "Nuclear Instruments and Methods in Physics Research Section A: Accelerators, Spectrometers, Detectors and Associated Equipment ",
    volume = "362",
    number = "2–3",
    pages = "487 - 498",
    year = 1995,
    issn = "0168-9002",
    doi = "http://dx.doi.org/10.1016/0168-9002(95)00274-X",
    url = "http://www.sciencedirect.com/science/article/pii/016890029500274X",
}

%geant 4 ssource
@article{agostinelli2003,
    title = "{Geant4}--A simulation toolkit",
    journal = "Nuclear Instruments and Methods in Physics Research Section A: Accelerators, Spectrometers, Detectors and Associated Equipment ",
    volume = 506,
    number = 3,
    pages = "250--303",
    year = 2003,
    issn = "0168-9002",
    doi = {10.1016/S0168-9002(03)01368-8},
    eprint = {http://dx.doi.org/10.1016/S0168-9002(03)01368-8},
    url = "http://www.sciencedirect.com/science/article/pii/S0168900203013688",
    author = "S. Agostinelli et al.",
}

% Pt MinBias Plot
@article{Chatrchyan:2011id,
      author         = "Chatrchyan, Serguei and others",
      title          = "{Measurement of the Underlying Event Activity at the LHC
                        with $\sqrt{s}= 7$ TeV and Comparison with $\sqrt{s} =
                        0.9$ TeV}",
      collaboration  = "CMS",
      journal        = "JHEP",
      volume         = "09",
      year           = "2011",
      pages          = "109",
      doi            = "10.1007/JHEP09(2011)109",
      eprint         = "1107.0330",
      archivePrefix  = "arXiv",
      primaryClass   = "hep-ex",
      reportNumber   = "CERN-PH-EP-2011-059, CMS-QCD-10-010",
      SLACcitation   = "%%CITATION = ARXIV:1107.0330;%%"
}

%Rapidity plot MinBias
@article{Chatrchyan:2014qka, 
      author         = "Chatrchyan, Serguei and others",
      title          = "{Measurement of pseudorapidity distributions of charged
                        particles in proton-proton collisions at $\sqrt{s}$ = 8
                        TeV by the CMS and TOTEM experiments}",
      collaboration  = "CMS, TOTEM",
      journal        = "Eur. Phys. J.",
      volume         = "C74",
      year           = "2014",
      number         = "10",
      pages          = "3053",
      doi            = "10.1140/epjc/s10052-014-3053-6",
      eprint         = "1405.0722",
      archivePrefix  = "arXiv",
      primaryClass   = "hep-ex",
      reportNumber   = "CMS-FSQ-12-026, CERN-PH-EP-TOTEM-2014-002,
                        CERN-PH-EP-2014-063",
      SLACcitation   = "%%CITATION = ARXIV:1405.0722;%%"
}

%%PDF error measurements
@article{Botje:2011sn,
      author         = "Botje, Michiel and others",
      title          = "{The PDF4LHC Working Group Interim Recommendations}",
      year           = "2011",
      eprint         = "1101.0538",
      archivePrefix  = "arXiv",
      primaryClass   = "hep-ph",
      SLACcitation   = "%%CITATION = ARXIV:1101.0538;%%"
}

%LUMI STUFF
@article{cms_lumi_2013,
    author = {{CMS} {Collaboration}},
    title = "{CMS Luminosity Based on Pixel Cluster Counting - Summer 2013 Update}",
    collaboration = "CMS",
    year = 2013,
    reportNumber = "CMS-PAS-LUM-13-001",
    SLACcitation = "%%CITATION = CMS-PAS-LUM-13-001 ETC.;%%",
    eprint = {https://cds.cern.ch/record/1598864},
    journal = {CERN},
}

@techreport{vandermeer_1968,
    author = "van der Meer, S.",
    title = "{Calibration of the effective beam height in the {ISR}}",
    institution = "CERN",
    address = "Geneva",
    number = "CERN-ISR-PO-68-31. ISR-PO-68-31",
    year = 1968,
    month = jun,
    day = 18,
    url = {https://cds.cern.ch/record/296752},
    eprint = {https://cds.cern.ch/record/296752},
}
%Lummi End

%Begin BLUE
@article{BLUE1,
      author        = "R. Nisius",
      title         = "BLUE: a software package to combine correlated estimates of physics observables within ROOT using the Best Linear Unbiased Estimate method - Program manual, Version 2.1.0",
      version       ="Version 2.1.0",
      eprint        ="http://blue.hepforge.org."
      url           = "http://blue.hepforge.org",
}

@article{Blue2,
      author         = "Nisius, Richard",
      title          = "{On the combination of correlated estimates of a physics
                        observable}",
      journal        = "Eur. Phys. J.",
      volume         = "C74",
      year           = "2014",
      number         = "8",
      pages          = "3004",
      doi            = "10.1140/epjc/s10052-014-3004-2",
      eprint         = "1402.4016",
      archivePrefix  = "arXiv",
      primaryClass   = "physics.data-an",
      SLACcitation   = "%%CITATION = ARXIV:1402.4016;%%"
}

%End BLUE

%Begin Resbos
@article{Ladinsky:1993zn,
      author         = "Ladinsky, G. A. and Yuan, C. P.",
      title          = "The nonperturbative regime in {QCD} resummation for gauge boson production at hadron colliders",
      journal        = "Phys. Rev. D",
      volume         = "50",
      pages          = "4239",
      doi            = "10.1103/PhysRevD.50.R4239",
      year           = "1994",
      eprint         = "hep-ph/9311341",
      archivePrefix  = "arXiv",
      primaryClass   = "hep-ph",
      reportNumber   = "MSUHEP-93-20, MSUTH-93-20",
      SLACcitation   = "%%CITATION = HEP-PH/9311341;%%",
}

@article{Balazs:1997xd,
      author         = "Balazs, C. and Yuan, C. P.",
      title          = "{Soft gluon effects on lepton pairs at hadron colliders}",
      journal        = "Phys. Rev. D",
      volume         = "56",
      year           = "1997",
      pages          = "5558",
      doi            = "10.1103/PhysRevD.56.5558",
      eprint         = "hep-ph/9704258",
      archivePrefix  = "arXiv",
      primaryClass   = "hep-ph",
      reportNumber   = "MSUHEP-70402, CTEQ-704",
      SLACcitation   = "%%CITATION = HEP-PH/9704258;%%"
}

@article{Landry:2002ix,
      author         = "Landry, F. and Brock, R. and Nadolsky, Pavel M. and Yuan,
                        C. P.",
      title          = "{Tevatron Run-1 $Z$ boson data and Collins-Soper-Sterman
                        resummation formalism}",
      journal        = "Phys. Rev. D",
      volume         = "67",
      year           = "2003",
      pages          = "073016",
      doi            = "10.1103/PhysRevD.67.073016",
      eprint         = "hep-ph/0212159",
      archivePrefix  = "arXiv",
      primaryClass   = "hep-ph",
      SLACcitation   = "%%CITATION = HEP-PH/0212159;%%"
}
%End resbos

@article{Khachatryan:2010us,
      author         = "Khachatryan, Vardan and others",
      title          = "{Transverse-momentum and pseudorapidity distributions of
                        charged hadrons in $pp$ collisions at $\sqrt{s}=7$ TeV}",
      collaboration  = "CMS",
      journal        = "Phys. Rev. Lett.",
      volume         = "105",
      year           = "2010",
      pages          = "022002",
      doi            = "10.1103/PhysRevLett.105.022002",
      eprint         = "1005.3299",
      archivePrefix  = "arXiv",
      primaryClass   = "hep-ex",
      reportNumber   = "CERN-PH-EP-2010-009, CMS-QCD-10-006",
      SLACcitation   = "%%CITATION = ARXIV:1005.3299;%%"
}

@article{Chatrchyan:2011wt,
      author         = "Chatrchyan, Serguei and others",
      title          = "{Measurement of the Rapidity and Transverse Momentum
                        Distributions of $Z$ Bosons in $pp$ Collisions at
                        $\sqrt{s}=7$ TeV}",
      collaboration  = "CMS",
      journal        = "Phys. Rev.",
      volume         = "D85",
      year           = "2012",
      pages          = "032002",
      doi            = "10.1103/PhysRevD.85.032002",
      eprint         = "1110.4973",
      archivePrefix  = "arXiv",
      primaryClass   = "hep-ex",
      reportNumber   = "CMS-EWK-10-010, CERN-PH-EP-2011-169",
      SLACcitation   = "%%CITATION = ARXIV:1110.4973;%%"
}

@article{adam_2005,
    author = {W Adam and R Fr{\"u}hwirth and A Strandlie and T Todorov},
    title = {Reconstruction of electrons with the Gaussian-sum filter in the {CMS} tracker at the {LHC}},
    journal = {Journal of Physics {G}: Nuclear and Particle Physics},
    volume = 31,
    number = 9,
    pages = {N9},
    url = {http://stacks.iop.org/0954-3899/31/i=9/a=N01},
    eprint = {http://stacks.iop.org/0954-3899/31/i=9/a=N01},
    year = {2005},
}


@misc{xkcdComic
author = {Randall Munroe}
title = {Fundamental Forces}
url = {https://xkcd.com/1489/}
originalyear = {20.02.2015}
}